@article{aflalo2015convex,
  title={On convex relaxation of graph isomorphism},
  author={Aflalo, Yonathan and Bronstein, Alexander and Kimmel, Ron},
  journal={Proceedings of the National Academy of Sciences},
  volume={112},
  number={10},
  pages={2942--2947},
  year={2015},
  publisher={National Acad Sciences}
}